1910 3256
537 517 796 572 coDEx
837 523 1122 572 REGIUS
1159 530 1321 582 2403·

252 844 332 882 H1c
360 843 489 882 Codex
516 845 581 894 qui
599 851 658 881 est
677 844 814 882 Bomb.
836 845 929 882 Saec.
951 844 1065 882 XIII.
1094 844 1193 882 inter
1220 843 1295 881 alia
1322 842 1494 894 quaedam
1523 843 1667 893 praebet

198 908 350 947 Scholia
368 908 407 946 in
428 909 523 948 duos
542 909 684 959 primos
703 909 883 960 Odysseae
903 910 1030 954 libros,
1050 909 1116 947 sed
1135 909 1216 947 haec
1236 921 1360 959 neque
1378 908 1525 960 integra
1543 919 1666 958 neque

197 973 400 1022 continua;
431 975 532 1025 quod
562 974 766 1013 dolendum
796 988 877 1013 esse
911 988 1059 1013 mecum
1090 973 1227 1012 sentiet
1255 973 1386 1018 lector,
1407 986 1523 1024 quum
1551 973 1665 1010 resci-

160 1035 292 1077 5verit
320 1052 364 1076 ea
397 1039 618 1090 plerumque
648 1039 863 1078 consentire
895 1053 981 1078 cum
1021 1038 1180 1078 Scholiis
1215 1038 1368 1076 Codicis
1402 1036 1599 1075 Harleiani
1627 1037 1666 1075 in

196 1105 335 1142 Museo
364 1105 588 1143 Britannico
619 1105 814 1143 adservati.
871 1106 948 1146 Qui
978 1112 1102 1143 autem
1124 1103 1267 1146 Codex,
1289 1103 1447 1140 Porsoni
1478 1101 1667 1140 laboribus

196 1169 331 1213 clarus,
348 1183 464 1220 quum
481 1183 502 1207 a
518 1171 627 1208 nobis
649 1170 848 1222 diligenter
866 1182 1042 1207 excussus
1063 1169 1190 1212 fuerit,
1206 1177 1245 1205 et
1263 1166 1530 1205 Parisiensium
1547 1167 1666 1205 Scho-

197 1233 333 1271 liorum
354 1233 578 1272 desiderium
609 1235 730 1272 levare
757 1234 910 1286 poterit,
931 1241 970 1271 et
994 1232 1169 1271 nonnihil
1188 1232 1333 1272 decoris
1353 1240 1465 1284 atque
1485 1240 1666 1284 praestan-

198 1298 258 1337 tiae
279 1298 336 1337 his
355 1300 491 1337 nostris
513 1298 726 1337 Homericis
745 1299 845 1338 curis
864 1297 1038 1350 adjicere.

138 1460 185 1486 10
485 1446 703 1488 CODEX
741 1444 1166 1487 HARLEIANUS
1199 1437 1363 1504 5674.

252 1557 402 1597 Scholia
420 1557 626 1596 Harleiana
655 1559 777 1596 obiter
807 1565 956 1596 tantum
982 1565 1022 1596 et
1049 1556 1219 1602 breviter,
1241 1564 1355 1608 prout
1380 1556 1415 1594 ei
1447 1556 1493 1594 ad
1520 1563 1664 1594 textum

198 1631 319 1675 poetae
339 1623 605 1661 stabiliendum
637 1622 812 1661 inservire
835 1622 915 1661 visa
933 1630 1037 1668 sunt,
1054 1620 1181 1673 attigit
1198 1622 1404 1659 Porsonus.
1462 1621 1559 1661 Quae
1580 1619 1665 1671 qui-

198 1689 300 1732 dem,
320 1697 363 1726 ut
380 1702 446 1740 par
464 1697 555 1733 erat,
571 1689 612 1726 in
632 1692 711 1741 eJus
730 1687 907 1726 Editione
926 1687 1165 1727 Scholiorum
1185 1685 1224 1724 in
1245 1686 1383 1738 Odyss.
1406 1699 1483 1724 non
1503 1685 1668 1738 neglexit

198 1755 468 1799 Buttmannus‚
494 1753 559 1804 qui
585 1754 739 1792 dolebat
764 1761 891 1792 tamen
924 1752 989 1790 illa
1017 1765 1096 1790 non
1127 1751 1295 1803 potuisse
1326 1752 1474 1803 integra
1502 1750 1667 1789 inserere

139 1822 184 1862 15
199 1818 416 1857 collectioni
435 1833 458 1857 a
476 1832 515 1857 se
534 1819 659 1858 factae.
696 1818 742 1856 Id
762 1826 888 1856 autem
909 1830 1011 1855 nunc
1029 1816 1280 1869 praestabitur,
1295 1815 1499 1854 collatione
1517 1829 1539 1854 a
1554 1814 1665 1854 nobis

198 1885 374 1923 instituta
400 1883 595 1923 Harleiani
623 1882 773 1922 Codicis
800 1896 888 1921 cum
920 1881 1149 1921 Buttmanni
1178 1881 1340 1921 Scholiis
1368 1882 1511 1920 Oxonii
1539 1882 1665 1920 denuo

199 1948 358 2001 vulgatis
385 1949 497 1999 1827.
553 1950 645 1987 Non
668 1961 788 2000 pauca
818 1957 944 1987 autem
974 1947 1213 1986 invenientur
1241 1961 1324 1999 quae
1355 1946 1666 1999 praestantissimo

200 2014 333 2053 Codici
360 2022 448 2052 sunt
473 2013 635 2066 propria,
656 2022 695 2052 et
725 2015 836 2052 bonae
865 2021 978 2057 notae,
1000 2021 1043 2051 ut
1061 2027 1144 2065 quoe
1170 2026 1216 2051 ex
1234 2012 1389 2065 optimis
1407 2012 1665 2064 Antiquarum

197 2078 543 2118 Grammaticorum
564 2079 735 2118 fontibus
754 2078 921 2130 profecta
939 2077 1027 2117 sint.
1084 2079 1132 2117 In
1151 2079 1249 2117 bene
1277 2077 1406 2116 multis
1428 2077 1543 2116 etiam
1563 2078 1667 2115 Har-

139 2143 342 2183 201eianus
361 2143 466 2189 liber,
485 2144 532 2182 ad
551 2143 794 2196 corrigendos
809 2142 964 2181 aliorum
987 2141 1171 2181 Codicum
1193 2155 1336 2181 errores
1357 2142 1576 2181 utilissimus
1594 2149 1664 2180 est.

201 2208 444 2247 Correctioris
464 2208 565 2246 enim
585 2207 727 2246 librarii
747 2221 903 2246 manum
923 2220 1004 2245 raro
1025 2221 1191 2258 unquam
1212 2206 1298 2245 vidi.

252 2275 321 2312 Me
339 2281 464 2312 autem
486 2274 653 2325 potuisse
672 2272 870 2324 aliquoties
896 2285 1033 2325 augere
1052 2274 1236 2311 variarum
1262 2273 1469 2311 lectionum
1497 2280 1665 2324 segetem

200 2352 222 2377 a
239 2340 409 2377 Porsono
429 2346 656 2381 notatarum,
677 2346 762 2389 post
778 2345 926 2376 tantum
943 2339 1060 2376 virum
1081 2345 1120 2375 et
1135 2345 1213 2375 tarn
1234 2336 1467 2389 diligentem,
1483 2350 1665 2389 magnum

201 2417 282 2442 esse
313 2403 416 2442 duxi.
482 2404 562 2441 Res
601 2410 727 2440 autem
756 2403 922 2440 minutas
953 2402 1127 2440 omittere
1166 2401 1303 2452 cuique
1337 2401 1485 2440 evenire
1525 2409 1664 2453 potest,

141 2482 187 2519 25
203 2467 408 2519 praesertim
428 2468 468 2505 in
499 2471 579 2519 ejus
606 2468 754 2519 generis
781 2465 1000 2511 Codicibus,
1021 2467 1086 2517 qui
1104 2466 1162 2505 vel
1182 2465 1522 2505 oculatissimorum
1546 2465 1665 2504 aciem

202 2533 329 2571 fallere
348 2539 520 2584 possunt.

255 2599 362 2635 Duas
381 2604 507 2635 autem
529 2597 740 2647 Scripturas
768 2594 972 2647 praecipuas
991 2608 1072 2634 esse
1090 2595 1202 2647 hujus
1223 2596 1376 2634 Codicis
1403 2594 1546 2646 liquido
1565 2595 1664 2632 affir-

203 2676 306 2700 mare
325 2675 491 2713 possum.
548 2661 675 2699 Prima
701 2668 759 2698 est
787 2673 870 2711 quae
889 2667 1034 2698 textum
1062 2659 1242 2703 exaravit,
1263 2659 1399 2698 deinde
1417 2659 1544 2697 brevia
1563 2671 1663 2710 quae-

204 2727 291 2765 dam
323 2725 474 2764 Scholia
504 2723 663 2777 margini
701 2723 909 2776 adscripsit.
984 2724 1158 2762 Secunda
1188 2723 1374 2763 recentior
1402 2723 1597 2774 aliquanto
1626 2730 1666 2760 et

140 2810 191 2847 30
205 2790 394 2836 minutior,
423 2804 505 2842 quae
540 2789 711 2842 longiora
744 2797 784 2828 et
814 2787 985 2827 uberiora
1016 2787 1169 2826 Scholia
1197 2788 1365 2836 addidit;
1402 2787 1516 2826 erasis
1549 2786 1663 2825 etiam

204 2855 398 2895 nonnullis
426 2854 466 2893 in
495 2855 588 2893 locis
616 2854 748 2906 prioris
777 2852 917 2892 librarii
946 2852 1120 2899 Scholiis,
1143 2861 1186 2892 ut
1220 2852 1381 2905 amplius
1414 2851 1486 2891 sibi
1520 2859 1665 2903 pateret

204 2920 379 2973 spatium.

875 2994 901 3038 3
925 2995 950 3022 c
978 2991 1002 3022 2
