1910 3256
747 173 886 215 COD.
917 164 1080 232 3058.
1564 175 1651 220 389

183 285 358 344 ἀκηκοὼς
381 286 528 349 λέγειν.
567 286 671 341 τινὲς
704 286 746 335 δὲ
779 286 915 346 ἤθελον
945 287 1006 348 μὴ
1039 291 1256 352 τετρῶσθαι
1288 288 1508 352 Μαχάονα,
1532 287 1580 336 δι’
1604 284 1653 335 ὗν

183 363 226 411 οὗ
266 363 535 427 θεραπεύεται.
594 365 632 412 οἷ
669 363 712 412 δέ
749 373 879 425 φασιν
914 364 963 418 ὧς
1000 363 1082 418 ἔθος
1114 363 1345 430 Ὁμηρικὸν,
1379 363 1468 430 περὶ
1502 361 1551 412 οἶν
1586 387 1651 419 τις

181 446 365 507 πεμφθῇ,
388 441 448 503 μὴ
480 449 750 505 παλλιλογεῖν
779 440 868 506 περὶ
901 441 1041 490 αὐτῶν.
1092 442 1296 504 δαιμονίως
1330 443 1372 491 δὲ
1406 442 1556 506 ἐπαίρει
1584 440 1652 490 τόν

180 517 391 581 Ἀχιλλέα,
424 519 496 577 τὴν
532 527 668 567 πᾶσαν
703 519 897 584 σωτηρίαν
934 525 1009 567 τῶν
1045 520 1250 579 Ἑλλήνων
1287 520 1395 585 αὗτῷ
1434 518 1649 579 ἀνατιθεὶς,

145 612 167 651 5
183 594 375 642 διδάσκων
397 593 455 643 ἔτι
480 595 584 644 οὐδὲν
606 593 758 655 ὤνησαν
779 596 873 651 τοὺς
897 596 1082 661 Ἀχαιοὺς
1105 596 1143 644 οἷ
1169 596 1289 645 ἄλλοι
1318 597 1511 661 ἀριστεῖς,
1535 596 1650 644 ἀλλὰ

106 678 109 681 ’
181 677 332 720 κεῖνται
355 673 602 736 τετρωμένοι.

236 849 334 887 Haec
353 849 429 887 fere
448 858 537 888 sunt
556 850 793 888 Scholion-um
812 852 851 889 in
872 849 980 889 Iliad.
1001 849 1220 902 specimina,
1240 863 1323 901 quae
1342 862 1364 889 e
1384 850 1506 890 Codd.
1527 851 1646 891 Paris.

180 926 267 952 cum
287 913 478 952 literarum
498 915 620 953 fructu
641 915 825 967 vulganda
842 928 924 954 esse
942 915 1123 967 reputavi.
1180 915 1330 967 Inspexi
1350 924 1530 967 praeterea
1549 917 1646 955 Cod.

183 979 299 1028 2706.
330 978 394 1030 qui
432 988 491 1018 est
527 981 666 1020 Bomb.
701 989 740 1019 et
771 982 883 1020 XIV.
915 983 1009 1020 Saec.
1041 989 1080 1020 et
1112 980 1152 1019 in
1188 980 1317 1019 multis
1351 981 1528 1019 convenit
1558 995 1646 1020 cum

181 1044 277 1082 cod.
301 1044 418 1093 2766.
440 1044 507 1082 sed
532 1044 752 1096 plerumque
775 1059 861 1085 cum
881 1045 1039 1098 Didymi
1065 1054 1131 1084 aut
1149 1046 1275 1097 potius
1299 1045 1506 1084 minoribus
1526 1047 1647 1086 Scho-

180 1107 241 1147 liis
269 1108 370 1152 facit,
400 1122 470 1147 nec
498 1109 644 1147 inutilis
673 1109 771 1148 foret
798 1111 846 1148 ad
874 1111 953 1149 haec
981 1110 1231 1148 emendanda.
1288 1110 1382 1148 Cod.
1406 1111 1523 1149 2682.
1550 1112 1644 1151 Saec.

180 1173 290 1211 XIV.
311 1174 427 1211 Cont.
449 1172 556 1211 Iliad.
577 1186 664 1211 cum
685 1174 898 1226 Prolegom.
920 1183 959 1213 et
977 1175 1064 1213 Seh.
1084 1174 1205 1212 Isaaci
1225 1175 1550 1227 Porphyrogeniti.

234 1238 330 1276 eod.
352 1237 468 1286 2683.
499 1239 658 1276 membr.
688 1238 715 1276 f.
743 1251 838 1277 max.
865 1238 904 1277 in
930 1238 995 1277 fol.
1025 1240 1116 1277 Saec.
1141 1239 1254 1277 XIV.
1282 1240 1398 1279 Cont.
1420 1239 1528 1278 Iliad.
1554 1254 1642 1280 cum

178 1303 308 1356 paucis
327 1303 416 1340 Sch.
437 1301 711 1354 Porphyrianis.

233 1367 329 1406 Cod.
349 1367 465 1418 2768,
481 1367 609 1405 Chart.
631 1367 724 1406 Saec.
744 1368 857 1407 XIV.
877 1367 964 1407 lect.
982 1368 1089 1407 valde
1107 1367 1280 1415 difficilis,
1295 1370 1411 1408 Cont.
1426 1368 1536 1409 Iliad.
1552 1383 1642 1410 cum

179 1432 356 1484 Parapbr.
375 1440 414 1471 et
434 1431 574 1471 Scholl.
594 1445 639 1470 ex
658 1432 858 1471 Eustathio
876 1433 1099 1486 plerumque
1117 1433 1304 1473 derivatis.
