<?xml version="1.0" encoding="UTF-8"?>
<!DOCTYPE html PUBLIC "-//W3C//DTD XHTML 1.0 Transitional//EN"
    "http://www.w3.org/TR/xhtml1/DTD/xhtml1-transitional.dtd">
<html xmlns="http://www.w3.org/1999/xhtml" xml:lang="en" lang="en">
 <head>
  <title>
</title>
<meta http-equiv="Content-Type" content="text/html;charset=utf-8" />
  <meta name='ocr-system' content='tesseract 3.04.00' />
  <meta name='ocr-capabilities' content='ocr_page ocr_carea ocr_par ocr_line ocrx_word'/>
</head>
<body>
  <div class='ocr_page' id='page_1' title='image "./anecdotagraecaec03cram/anecdotagraecaec03cram_0035.png"; bbox 0 0 1910 3256; ppageno 0'>
   <div class='ocr_carea' id='block_1_1' title="bbox 583 357 1147 412">
    <p class='ocr_par' dir='ltr' id='par_1_1' title="bbox 583 357 1147 412">
     <span class='ocr_line' id='line_1_1' title="bbox 583 357 1147 412; baseline 0.004 -5"><span class='ocrx_word' id='word_1_1' title='bbox 583 358 744 407; x_wconf 87' lang='lat' dir='ltr'><strong>COD.</strong></span> <span class='ocrx_word' id='word_1_2' title='bbox 786 358 948 407; x_wconf 87' lang='lat' dir='ltr'>REG.</span> <span class='ocrx_word' id='word_1_3' title='bbox 993 357 1147 412; x_wconf 84' lang='lat'>2681.</span> 
     </span>
    </p>
   </div>
   <div class='ocr_carea' id='block_1_2' title="bbox 743 501 1009 521">
    <p class='ocr_par' dir='ltr' id='par_1_2' title="bbox 743 501 1009 521">
     <span class='ocr_line' id='line_1_2' title="bbox 743 501 1009 521; baseline 0 2735"><span class='ocrx_word' id='word_1_4' title='bbox 743 501 1009 521; x_wconf 95' lang='lat' dir='ltr'> </span> 
     </span>
    </p>
   </div>
   <div class='ocr_carea' id='block_1_3' title="bbox 100 600 1632 1177">
    <p class='ocr_par' dir='ltr' id='par_1_3' title="bbox 136 600 1632 854">
     <span class='ocr_line' id='line_1_3' title="bbox 198 600 1632 651; baseline 0.003 -4"><span class='ocrx_word' id='word_1_5' title='bbox 198 609 279 648; x_wconf 78' lang='lat' dir='ltr'>Hm</span> <span class='ocrx_word' id='word_1_6' title='bbox 318 610 449 649; x_wconf 86' lang='lat' dir='ltr'>Codex</span> <span class='ocrx_word' id='word_1_7' title='bbox 485 611 615 650; x_wconf 82' lang='lat' dir='ltr'>Chart.</span> <span class='ocrx_word' id='word_1_8' title='bbox 654 611 765 650; x_wconf 88' lang='lat' dir='ltr'>form.</span> <span class='ocrx_word' id='word_1_9' title='bbox 803 609 843 649; x_wconf 90' lang='lat' dir='ltr'>in</span> <span class='ocrx_word' id='word_1_10' title='bbox 880 611 946 649; x_wconf 85' lang='lat' dir='ltr'>fol.</span> <span class='ocrx_word' id='word_1_11' title='bbox 986 625 1086 650; x_wconf 83' lang='lat' dir='ltr'>max.</span> <span class='ocrx_word' id='word_1_12' title='bbox 1129 612 1303 650; x_wconf 86' lang='lat' dir='ltr'>continet</span> <span class='ocrx_word' id='word_1_13' title='bbox 1343 613 1460 651; x_wconf 90' lang='lat' dir='ltr'>Hom.</span> <span class='ocrx_word' id='word_1_14' title='bbox 1492 612 1601 651; x_wconf 81' lang='lat' dir='ltr'>Iliad.</span> <span class='ocrx_word' id='word_1_15' title='bbox 1623 600 1632 603; x_wconf 29' lang='lat' dir='ltr'><em>s</em></span> 
     </span>
     <span class='ocr_line' id='line_1_4' title="bbox 136 674 1604 727; baseline 0.002 -15"><span class='ocrx_word' id='word_1_16' title='bbox 136 687 223 712; x_wconf 89' lang='lat' dir='ltr'>cum</span> <span class='ocrx_word' id='word_1_17' title='bbox 253 674 495 725; x_wconf 76' lang='lat' dir='ltr'>amplissimis</span> <span class='ocrx_word' id='word_1_18' title='bbox 528 674 688 714; x_wconf 80' lang='lat' dir='ltr'>Scholiis</span> <span class='ocrx_word' id='word_1_19' title='bbox 721 675 991 727; x_wconf 78' lang='lat' dir='ltr'>marginalibus</span> <span class='ocrx_word' id='word_1_20' title='bbox 1025 684 1064 714; x_wconf 84' lang='lat' dir='ltr'>et</span> <span class='ocrx_word' id='word_1_21' title='bbox 1093 675 1405 715; x_wconf 83' lang='lat' dir='ltr'>interlinearibus.</span> <span class='ocrx_word' id='word_1_22' title='bbox 1460 679 1604 716; x_wconf 84' lang='lat' dir='ltr'>Textus</span> 
     </span>
     <span class='ocr_line' id='line_1_5' title="bbox 137 738 1604 790; baseline 0.001 -12"><span class='ocrx_word' id='word_1_23' title='bbox 137 738 367 779; x_wconf 74' lang='lat' dir='ltr'>Homericus</span> <span class='ocrx_word' id='word_1_24' title='bbox 386 738 546 790; x_wconf 83' lang='lat' dir='ltr'>scriptus</span> <span class='ocrx_word' id='word_1_25' title='bbox 564 739 775 790; x_wconf 82' lang='lat' dir='ltr'>antiquiore</span> <span class='ocrx_word' id='word_1_26' title='bbox 795 753 910 777; x_wconf 86' lang='lat' dir='ltr'>manu</span> <span class='ocrx_word' id='word_1_27' title='bbox 929 747 967 777; x_wconf 85' lang='lat' dir='ltr'>et</span> <span class='ocrx_word' id='word_1_28' title='bbox 982 740 1131 778; x_wconf 90' lang='lat' dir='ltr'>decimo</span> <span class='ocrx_word' id='word_1_29' title='bbox 1151 742 1262 779; x_wconf 81' lang='lat' dir='ltr'>oertio</span> <span class='ocrx_word' id='word_1_30' title='bbox 1282 741 1434 786; x_wconf 86' lang='lat' dir='ltr'>saeculo,</span> <span class='ocrx_word' id='word_1_31' title='bbox 1451 750 1493 779; x_wconf 84' lang='lat' dir='ltr'>ut</span> <span class='ocrx_word' id='word_1_32' title='bbox 1513 741 1604 779; x_wconf 89' lang='lat' dir='ltr'>mihi</span> 
     </span>
     <span class='ocr_line' id='line_1_6' title="bbox 137 801 1606 854; baseline 0.003 -15"><span class='ocrx_word' id='word_1_33' title='bbox 137 801 256 840; x_wconf 88' lang='lat' dir='ltr'>visum</span> <span class='ocrx_word' id='word_1_34' title='bbox 277 802 372 846; x_wconf 79' lang='lat' dir='ltr'>fuit3</span> <span class='ocrx_word' id='word_1_35' title='bbox 405 803 555 841; x_wconf 88' lang='lat' dir='ltr'>Scholia</span> <span class='ocrx_word' id='word_1_36' title='bbox 575 803 783 841; x_wconf 84' lang='lat' dir='ltr'>recentiora</span> <span class='ocrx_word' id='word_1_37' title='bbox 801 811 903 846; x_wconf 87' lang='lat' dir='ltr'>sunt,</span> <span class='ocrx_word' id='word_1_38' title='bbox 919 811 958 841; x_wconf 89' lang='lat' dir='ltr'>et</span> <span class='ocrx_word' id='word_1_39' title='bbox 972 804 1120 841; x_wconf 87' lang='lat' dir='ltr'>decimo</span> <span class='ocrx_word' id='word_1_40' title='bbox 1139 813 1273 854; x_wconf 87' lang='lat' dir='ltr'>quarto</span> <span class='ocrx_word' id='word_1_41' title='bbox 1294 805 1432 843; x_wconf 88' lang='lat' dir='ltr'>saeculo</span> <span class='ocrx_word' id='word_1_42' title='bbox 1451 805 1606 843; x_wconf 80' lang='lat' dir='ltr'>ineunte</span> 
     </span>
    </p>

    <p class='ocr_par' dir='ltr' id='par_1_4' title="bbox 100 866 1607 1177">
     <span class='ocr_line' id='line_1_7' title="bbox 100 866 1607 920; baseline 0.002 -16"><span class='ocrx_word' id='word_1_43' title='bbox 100 873 122 913; x_wconf 84' lang='lat'><em>5</em></span> <span class='ocrx_word' id='word_1_44' title='bbox 137 866 297 904; x_wconf 83' lang='lat' dir='ltr'>fortasse</span> <span class='ocrx_word' id='word_1_45' title='bbox 315 879 394 904; x_wconf 93' lang='lat' dir='ltr'>non</span> <span class='ocrx_word' id='word_1_46' title='bbox 413 866 631 905; x_wconf 85' lang='lat' dir='ltr'>vetustiora.</span> <span class='ocrx_word' id='word_1_47' title='bbox 689 868 838 905; x_wconf 89' lang='lat' dir='ltr'>Horum</span> <span class='ocrx_word' id='word_1_48' title='bbox 860 881 999 919; x_wconf 82' lang='lat' dir='ltr'>magna</span> <span class='ocrx_word' id='word_1_49' title='bbox 1017 881 1102 919; x_wconf 89' lang='lat' dir='ltr'>pars</span> <span class='ocrx_word' id='word_1_50' title='bbox 1122 868 1377 920; x_wconf 83' lang='lat' dir='ltr'>Porphyriana</span> <span class='ocrx_word' id='word_1_51' title='bbox 1400 877 1502 913; x_wconf 87' lang='lat' dir='ltr'>sunt,</span> <span class='ocrx_word' id='word_1_52' title='bbox 1523 883 1607 919; x_wconf 89' lang='lat' dir='ltr'>quae</span> 
     </span>
     <span class='ocr_line' id='line_1_8' title="bbox 137 930 1605 983; baseline 0.001 -15"><span class='ocrx_word' id='word_1_53' title='bbox 137 931 277 968; x_wconf 86' lang='lat' dir='ltr'>habent</span> <span class='ocrx_word' id='word_1_54' title='bbox 304 930 419 968; x_wconf 85' lang='lat' dir='ltr'>etiam</span> <span class='ocrx_word' id='word_1_55' title='bbox 449 931 569 969; x_wconf 84' lang='lat' dir='ltr'>Codd.</span> <span class='ocrx_word' id='word_1_56' title='bbox 598 932 767 969; x_wconf 86' lang='lat' dir='ltr'>Venetus</span> <span class='ocrx_word' id='word_1_57' title='bbox 795 933 845 971; x_wconf 91' lang='lat' dir='ltr'>B.</span> <span class='ocrx_word' id='word_1_58' title='bbox 875 931 1094 983; x_wconf 86' lang='lat' dir='ltr'>Lipsiensis,</span> <span class='ocrx_word' id='word_1_59' title='bbox 1125 932 1354 970; x_wconf 85' lang='lat' dir='ltr'>Harleianus</span> <span class='ocrx_word' id='word_1_60' title='bbox 1382 934 1485 970; x_wconf 85' lang='lat' dir='ltr'>Mus.</span> <span class='ocrx_word' id='word_1_61' title='bbox 1510 933 1605 972; x_wconf 86' lang='lat' dir='ltr'>Brit.</span> 
     </span>
     <span class='ocr_line' id='line_1_9' title="bbox 140 994 1607 1047; baseline 0.002 -15"><span class='ocrx_word' id='word_1_62' title='bbox 140 994 257 1044; x_wconf 86' lang='lat'><strong>5693.</strong></span> <span class='ocrx_word' id='word_1_63' title='bbox 277 1001 316 1032; x_wconf 86' lang='lat' dir='ltr'>et</span> <span class='ocrx_word' id='word_1_64' title='bbox 334 994 460 1032; x_wconf 87' lang='lat' dir='ltr'>forsan</span> <span class='ocrx_word' id='word_1_65' title='bbox 481 995 556 1033; x_wconf 88' lang='lat' dir='ltr'>alii.</span> <span class='ocrx_word' id='word_1_66' title='bbox 615 995 688 1033; x_wconf 89' lang='lat' dir='ltr'>His</span> <span class='ocrx_word' id='word_1_67' title='bbox 717 1004 842 1033; x_wconf 84' lang='lat' dir='ltr'>autem</span> <span class='ocrx_word' id='word_1_68' title='bbox 862 995 1127 1047; x_wconf 77' lang='lat' dir='ltr'>Porphyrianis</span> <span class='ocrx_word' id='word_1_69' title='bbox 1151 997 1279 1034; x_wconf 84' lang='lat' dir='ltr'>addita</span> <span class='ocrx_word' id='word_1_70' title='bbox 1305 1005 1395 1035; x_wconf 89' lang='lat' dir='ltr'>sunt</span> <span class='ocrx_word' id='word_1_71' title='bbox 1414 1010 1434 1035; x_wconf 89' lang='lat' dir='ltr'>e</span> <span class='ocrx_word' id='word_1_72' title='bbox 1453 997 1607 1035; x_wconf 86' lang='lat' dir='ltr'>diversis</span> 
     </span>
     <span class='ocr_line' id='line_1_10' title="bbox 138 1058 1607 1112; baseline 0.003 -17"><span class='ocrx_word' id='word_1_73' title='bbox 138 1059 309 1096; x_wconf 88' lang='lat' dir='ltr'>fontibus</span> <span class='ocrx_word' id='word_1_74' title='bbox 329 1058 492 1109; x_wconf 90' lang='lat' dir='ltr'>plurima</span> <span class='ocrx_word' id='word_1_75' title='bbox 512 1059 664 1096; x_wconf 86' lang='lat' dir='ltr'>Scholia</span> <span class='ocrx_word' id='word_1_76' title='bbox 683 1060 731 1097; x_wconf 91' lang='lat' dir='ltr'>ad</span> <span class='ocrx_word' id='word_1_77' title='bbox 750 1060 850 1097; x_wconf 89' lang='lat' dir='ltr'>Rem</span> <span class='ocrx_word' id='word_1_78' title='bbox 872 1060 1166 1098; x_wconf 83' lang='lat' dir='ltr'>Grammaticam</span> <span class='ocrx_word' id='word_1_79' title='bbox 1186 1061 1412 1112; x_wconf 88' lang='lat' dir='ltr'>plerumque</span> <span class='ocrx_word' id='word_1_80' title='bbox 1434 1070 1607 1112; x_wconf 80' lang='lat' dir='ltr'>spectan-</span> 
     </span>
     <span class='ocr_line' id='line_1_11' title="bbox 138 1122 1606 1177; baseline 0.001 -17"><span class='ocrx_word' id='word_1_81' title='bbox 138 1122 192 1160; x_wconf 83' lang='lat' dir='ltr'>tia</span> <span class='ocrx_word' id='word_1_82' title='bbox 218 1130 258 1160; x_wconf 85' lang='lat' dir='ltr'>et</span> <span class='ocrx_word' id='word_1_83' title='bbox 276 1135 321 1160; x_wconf 85' lang='lat' dir='ltr'>ex</span> <span class='ocrx_word' id='word_1_84' title='bbox 348 1123 514 1173; x_wconf 79' lang='lat' dir='ltr'>antiquis</span> <span class='ocrx_word' id='word_1_85' title='bbox 532 1122 734 1161; x_wconf 87' lang='lat' dir='ltr'>Technicis</span> <span class='ocrx_word' id='word_1_86' title='bbox 753 1123 928 1168; x_wconf 77' lang='lat' dir='ltr'>derivata,</span> <span class='ocrx_word' id='word_1_87' title='bbox 950 1137 1032 1174; x_wconf 87' lang='lat' dir='ltr'>quae</span> <span class='ocrx_word' id='word_1_88' title='bbox 1059 1124 1145 1163; x_wconf 85' lang='lat' dir='ltr'>huic</span> <span class='ocrx_word' id='word_1_89' title='bbox 1164 1125 1296 1163; x_wconf 89' lang='lat' dir='ltr'>Codici</span> <span class='ocrx_word' id='word_1_90' title='bbox 1325 1126 1477 1177; x_wconf 86' lang='lat' dir='ltr'>propria</span> <span class='ocrx_word' id='word_1_91' title='bbox 1504 1133 1606 1170; x_wconf 79' lang='lat' dir='ltr'>sunt,</span> 
     </span>
    </p>
   </div>
   <div class='ocr_carea' id='block_1_4' title="bbox 79 1186 1608 1288">
    <p class='ocr_par' dir='ltr' id='par_1_5' title="bbox 79 1186 1608 1288">
     <span class='ocr_line' id='line_1_12' title="bbox 79 1186 1608 1238; baseline 0.001 -14"><span class='ocrx_word' id='word_1_92' title='bbox 79 1198 126 1224; x_wconf 88' lang='lat'>10</span> <span class='ocrx_word' id='word_1_93' title='bbox 139 1194 296 1238; x_wconf 82' lang='lat' dir='ltr'>excepto</span> <span class='ocrx_word' id='word_1_94' title='bbox 325 1194 451 1224; x_wconf 85' lang='lat' dir='ltr'>tamen</span> <span class='ocrx_word' id='word_1_95' title='bbox 479 1186 683 1224; x_wconf 86' lang='lat' dir='ltr'>Harleiano</span> <span class='ocrx_word' id='word_1_96' title='bbox 711 1186 889 1238; x_wconf 83' lang='lat' dir='ltr'>praedicto</span> <span class='ocrx_word' id='word_1_97' title='bbox 908 1187 972 1238; x_wconf 87' lang='lat' dir='ltr'>qui</span> <span class='ocrx_word' id='word_1_98' title='bbox 1001 1189 1133 1226; x_wconf 83' lang='lat' dir='ltr'>eadem</span> <span class='ocrx_word' id='word_1_99' title='bbox 1163 1189 1291 1233; x_wconf 87' lang='lat' dir='ltr'>habet,</span> <span class='ocrx_word' id='word_1_100' title='bbox 1313 1189 1378 1227; x_wconf 87' lang='lat' dir='ltr'>sed</span> <span class='ocrx_word' id='word_1_101' title='bbox 1403 1202 1482 1227; x_wconf 87' lang='lat' dir='ltr'>non</span> <span class='ocrx_word' id='word_1_102' title='bbox 1511 1189 1608 1226; x_wconf 81' lang='lat' dir='ltr'>ultra</span> 
     </span>
     <span class='ocr_line' id='line_1_13' title="bbox 140 1249 322 1288; baseline 0 0"><span class='ocrx_word' id='word_1_103' title='bbox 140 1249 229 1288; x_wconf 89' lang='lat' dir='ltr'>Lib.</span> <span class='ocrx_word' id='word_1_104' title='bbox 248 1251 322 1288; x_wconf 76' lang='lat' dir='ltr'><strong>A.⁸·</strong></span> 
     </span>
    </p>
   </div>
   <div class='ocr_carea' id='block_1_5' title="bbox 140 1313 1609 1494">
    <p class='ocr_par' dir='ltr' id='par_1_6' title="bbox 140 1313 1609 1494">
     <span class='ocr_line' id='line_1_14' title="bbox 193 1313 1609 1368; baseline 0.001 -16"><span class='ocrx_word' id='word_1_105' title='bbox 193 1313 303 1352; x_wconf 88' lang='lat' dir='ltr'>Libri</span> <span class='ocrx_word' id='word_1_106' title='bbox 321 1313 541 1352; x_wconf 85' lang='lat' dir='ltr'>Parisiensis</span> <span class='ocrx_word' id='word_1_107' title='bbox 570 1314 782 1366; x_wconf 87' lang='lat' dir='ltr'>hujusmodi</span> <span class='ocrx_word' id='word_1_108' title='bbox 812 1316 963 1353; x_wconf 84' lang='lat' dir='ltr'>Scholia</span> <span class='ocrx_word' id='word_1_109' title='bbox 989 1330 1010 1354; x_wconf 91' lang='lat' dir='ltr'>e</span> <span class='ocrx_word' id='word_1_110' title='bbox 1033 1315 1153 1354; x_wconf 88' lang='lat' dir='ltr'>tribus</span> <span class='ocrx_word' id='word_1_111' title='bbox 1172 1316 1402 1367; x_wconf 85' lang='lat' dir='ltr'>Rhapsodiis</span> <span class='ocrx_word' id='word_1_112' title='bbox 1423 1317 1609 1368; x_wconf 85' lang='lat' dir='ltr'>vulganda</span> 
     </span>
     <span class='ocr_line' id='line_1_15' title="bbox 140 1377 1606 1423; baseline 0.001 -7"><span class='ocrx_word' id='word_1_113' title='bbox 140 1377 265 1416; x_wconf 87' lang='lat' dir='ltr'>curavi</span> <span class='ocrx_word' id='word_1_114' title='bbox 284 1383 328 1423; x_wconf 88' lang='grc' dir='ltr'>Θ,</span> <span class='ocrx_word' id='word_1_115' title='bbox 350 1383 380 1422; x_wconf 91' lang='lat'>1,</span> <span class='ocrx_word' id='word_1_116' title='bbox 403 1384 444 1416; x_wconf 86' lang='lat' dir='ltr'>K.</span> <span class='ocrx_word' id='word_1_117' title='bbox 466 1386 507 1415; x_wconf 86' lang='lat' dir='ltr'>ut</span> <span class='ocrx_word' id='word_1_118' title='bbox 532 1379 579 1416; x_wconf 91' lang='lat' dir='ltr'>de</span> <span class='ocrx_word' id='word_1_119' title='bbox 608 1380 742 1416; x_wconf 87' lang='lat' dir='ltr'>horum</span> <span class='ocrx_word' id='word_1_120' title='bbox 770 1379 1127 1417; x_wconf 82' lang='lat' dir='ltr'>commentariorum</span> <span class='ocrx_word' id='word_1_121' title='bbox 1159 1380 1285 1417; x_wconf 86' lang='lat' dir='ltr'>indole</span> <span class='ocrx_word' id='word_1_122' title='bbox 1312 1380 1413 1417; x_wconf 88' lang='lat' dir='ltr'>docti</span> <span class='ocrx_word' id='word_1_123' title='bbox 1435 1379 1499 1417; x_wconf 84' lang='lat' dir='ltr'>viri</span> <span class='ocrx_word' id='word_1_124' title='bbox 1527 1393 1606 1418; x_wconf 87' lang='lat' dir='ltr'>cer-</span> 
     </span>
     <span class='ocr_line' id='line_1_16' title="bbox 140 1441 1608 1494; baseline 0.002 -16"><span class='ocrx_word' id='word_1_125' title='bbox 140 1441 255 1479; x_wconf 83' lang='lat' dir='ltr'>tiores</span> <span class='ocrx_word' id='word_1_126' title='bbox 283 1442 388 1479; x_wconf 78' lang='lat' dir='ltr'>fiant.</span> <span class='ocrx_word' id='word_1_127' title='bbox 445 1442 582 1480; x_wconf 87' lang='lat' dir='ltr'>Insunt</span> <span class='ocrx_word' id='word_1_128' title='bbox 612 1451 736 1480; x_wconf 82' lang='lat' dir='ltr'>autem</span> <span class='ocrx_word' id='word_1_129' title='bbox 767 1457 843 1480; x_wconf 91' lang='lat' dir='ltr'>non</span> <span class='ocrx_word' id='word_1_130' title='bbox 874 1456 992 1494; x_wconf 85' lang='lat' dir='ltr'>pauca</span> <span class='ocrx_word' id='word_1_131' title='bbox 1021 1457 1104 1494; x_wconf 86' lang='lat' dir='ltr'>quae</span> <span class='ocrx_word' id='word_1_132' title='bbox 1130 1444 1332 1481; x_wconf 81' lang='lat' dir='ltr'>Eustathio</span> <span class='ocrx_word' id='word_1_133' title='bbox 1361 1445 1473 1482; x_wconf 86' lang='lat' dir='ltr'>etiam</span> <span class='ocrx_word' id='word_1_134' title='bbox 1503 1457 1608 1482; x_wconf 87' lang='lat' dir='ltr'>com-</span> 
     </span>
    </p>
   </div>
   <div class='ocr_carea' id='block_1_6' title="bbox 80 1507 1610 1607">
    <p class='ocr_par' dir='ltr' id='par_1_7' title="bbox 80 1507 1610 1607">
     <span class='ocr_line' id='line_1_17' title="bbox 80 1507 1610 1559; baseline 0.001 -16"><span class='ocrx_word' id='word_1_135' title='bbox 80 1516 127 1556; x_wconf 87' lang='lat'>15</span> <span class='ocrx_word' id='word_1_136' title='bbox 142 1507 273 1544; x_wconf 81' lang='lat' dir='ltr'>munia</span> <span class='ocrx_word' id='word_1_137' title='bbox 310 1514 425 1554; x_wconf 76' lang='lat' dir='ltr'>sunt5</span> <span class='ocrx_word' id='word_1_138' title='bbox 468 1513 552 1544; x_wconf 90' lang='lat' dir='ltr'>uter</span> <span class='ocrx_word' id='word_1_139' title='bbox 583 1514 710 1545; x_wconf 89' lang='lat' dir='ltr'>autem</span> <span class='ocrx_word' id='word_1_140' title='bbox 739 1507 897 1545; x_wconf 83' lang='lat' dir='ltr'>alterum</span> <span class='ocrx_word' id='word_1_141' title='bbox 931 1507 1114 1559; x_wconf 86' lang='lat' dir='ltr'>excerpsit</span> <span class='ocrx_word' id='word_1_142' title='bbox 1142 1521 1219 1545; x_wconf 90' lang='lat' dir='ltr'>non</span> <span class='ocrx_word' id='word_1_143' title='bbox 1249 1507 1393 1558; x_wconf 86' lang='lat' dir='ltr'>liquido</span> <span class='ocrx_word' id='word_1_144' title='bbox 1426 1509 1610 1546; x_wconf 84' lang='lat' dir='ltr'>affirmare</span> 
     </span>
     <span class='ocr_line' id='line_1_18' title="bbox 142 1581 277 1607; baseline 0 0"><span class='ocrx_word' id='word_1_145' title='bbox 142 1581 277 1607; x_wconf 82' lang='lat' dir='ltr'>ausim.</span> 
     </span>
    </p>
   </div>
   <div class='ocr_carea' id='block_1_7' title="bbox 689 1699 1067 1748">
    <p class='ocr_par' dir='ltr' id='par_1_8' title="bbox 689 1699 1067 1748">
     <span class='ocr_line' id='line_1_19' title="bbox 689 1699 1067 1748; baseline 0.003 -3"><span class='ocrx_word' id='word_1_146' title='bbox 689 1699 955 1748; x_wconf 89' lang='lat' dir='ltr'><strong>ILIAD.</strong></span> <span class='ocrx_word' id='word_1_147' title='bbox 1004 1700 1067 1748; x_wconf 86' lang='grc' dir='ltr'>Θ.</span> 
     </span>
    </p>
   </div>
   <div class='ocr_carea' id='block_1_8' title="bbox 83 1805 1614 2824">
    <p class='ocr_par' dir='ltr' id='par_1_9' title="bbox 144 1805 1610 1945">
     <span class='ocr_line' id='line_1_20' title="bbox 210 1805 1610 1870; baseline 0 -17"><span class='ocrx_word' id='word_1_148' title='bbox 210 1811 264 1854; x_wconf 89' lang='lat' dir='ltr'>V.</span> <span class='ocrx_word' id='word_1_149' title='bbox 293 1824 330 1853; x_wconf 86' lang='grc' dir='ltr'>Ι.</span> <span class='ocrx_word' id='word_1_150' title='bbox 368 1805 564 1865; x_wconf 71' lang='grc' dir='ltr'>ἐκίδνατο]</span> <span class='ocrx_word' id='word_1_151' title='bbox 614 1806 674 1853; x_wconf 66' lang='lat' dir='ltr'>Tb</span> <span class='ocrx_word' id='word_1_152' title='bbox 709 1805 886 1854; x_wconf 71' lang='grc' dir='ltr'>ἐκίδνατο</span> <span class='ocrx_word' id='word_1_153' title='bbox 915 1807 953 1853; x_wconf 79' lang='grc' dir='ltr'>ἒν</span> <span class='ocrx_word' id='word_1_154' title='bbox 982 1808 1227 1870; x_wconf 79' lang='grc' dir='ltr'>παρατάσει,</span> <span class='ocrx_word' id='word_1_155' title='bbox 1252 1807 1509 1869; x_wconf 69' lang='grc' dir='ltr'>σφαιροειδὴς</span> <span class='ocrx_word' id='word_1_156' title='bbox 1530 1807 1610 1870; x_wconf 75' lang='grc' dir='ltr'>γαρ</span> 
     </span>
     <span class='ocr_line' id='line_1_21' title="bbox 144 1880 966 1945; baseline -0.001 -15"><span class='ocrx_word' id='word_1_157' title='bbox 144 1880 245 1930; x_wconf 67' lang='grc' dir='ltr'>οῧσα</span> <span class='ocrx_word' id='word_1_158' title='bbox 267 1885 292 1941; x_wconf 78' lang='grc' dir='ltr'><em>ἡ</em></span> <span class='ocrx_word' id='word_1_159' title='bbox 313 1888 383 1945; x_wconf 73' lang='grc' dir='ltr'>γῆ,</span> <span class='ocrx_word' id='word_1_160' title='bbox 409 1883 450 1930; x_wconf 77' lang='grc' dir='ltr'>οὗ</span> <span class='ocrx_word' id='word_1_161' title='bbox 473 1891 590 1930; x_wconf 78' lang='grc' dir='ltr'>πᾶσα</span> <span class='ocrx_word' id='word_1_162' title='bbox 614 1883 710 1943; x_wconf 79' lang='grc' dir='ltr'>ὑφὲν</span> <span class='ocrx_word' id='word_1_163' title='bbox 733 1882 966 1943; x_wconf 76' lang='grc' dir='ltr'>φωτίζεται.</span> 
     </span>
    </p>

    <p class='ocr_par' dir='ltr' id='par_1_10' title="bbox 83 1958 1613 2330">
     <span class='ocr_line' id='line_1_22' title="bbox 83 1958 1609 2023; baseline -0.002 -15"><span class='ocrx_word' id='word_1_164' title='bbox 83 1983 132 2008; x_wconf 86' lang='lat'>20</span> <span class='ocrx_word' id='word_1_165' title='bbox 214 1977 280 2019; x_wconf 88' lang='lat'>19.</span> <span class='ocrx_word' id='word_1_166' title='bbox 316 1958 456 2023; x_wconf 81' lang='grc' dir='ltr'>Σειρῆν</span> <span class='ocrx_word' id='word_1_167' title='bbox 477 1958 684 2022; x_wconf 72' lang='grc' dir='ltr'>χρυσείην]</span> <span class='ocrx_word' id='word_1_168' title='bbox 731 1958 816 2005; x_wconf 77' lang='grc' dir='ltr'>Δία</span> <span class='ocrx_word' id='word_1_169' title='bbox 839 1959 988 2016; x_wconf 86' lang='grc' dir='ltr'>νοητέον</span> <span class='ocrx_word' id='word_1_170' title='bbox 1010 1959 1080 2016; x_wconf 79' lang='grc' dir='ltr'>τῆν</span> <span class='ocrx_word' id='word_1_171' title='bbox 1104 1958 1353 2022; x_wconf 70' lang='grc' dir='ltr'>εἱμαρμένην·</span> <span class='ocrx_word' id='word_1_172' title='bbox 1393 1965 1545 2022; x_wconf 90' lang='grc' dir='ltr'>χρυσῆν</span> <span class='ocrx_word' id='word_1_173' title='bbox 1568 1959 1609 2006; x_wconf 74' lang='grc' dir='ltr'>ὃέ</span> 
     </span>
     <span class='ocr_line' id='line_1_23' title="bbox 145 2026 1612 2097; baseline 0.001 -16"><span class='ocrx_word' id='word_1_174' title='bbox 145 2035 293 2096; x_wconf 74' lang='grc' dir='ltr'>σειρὰν,</span> <span class='ocrx_word' id='word_1_175' title='bbox 316 2035 387 2093; x_wconf 80' lang='grc' dir='ltr'>τῆν</span> <span class='ocrx_word' id='word_1_176' title='bbox 416 2034 525 2093; x_wconf 74' lang='grc' dir='ltr'>δίκην</span> <span class='ocrx_word' id='word_1_177' title='bbox 557 2034 738 2088; x_wconf 77' lang='grc' dir='ltr'>ἁλύσεως</span> <span class='ocrx_word' id='word_1_178' title='bbox 769 2035 985 2092; x_wconf 77' lang='grc' dir='ltr'>ἔπιπλοκῆν</span> <span class='ocrx_word' id='word_1_179' title='bbox 1015 2041 1087 2081; x_wconf 80' lang='grc' dir='ltr'>τῶν</span> <span class='ocrx_word' id='word_1_180' title='bbox 1110 2026 1141 2082; x_wconf 44' lang='grc' dir='ltr'>’δ’</span> <span class='ocrx_word' id='word_1_181' title='bbox 1173 2034 1380 2097; x_wconf 76' lang='grc' dir='ltr'>στοιχείων</span> <span class='ocrx_word' id='word_1_182' title='bbox 1407 2035 1514 2082; x_wconf 74' lang='grc' dir='ltr'>κατὰ</span> <span class='ocrx_word' id='word_1_183' title='bbox 1535 2036 1612 2088; x_wconf 71' lang='grc' dir='ltr'>τὰς</span> 
     </span>
     <span class='ocr_line' id='line_1_24' title="bbox 145 2110 1611 2175; baseline 0.001 -18"><span class='ocrx_word' id='word_1_184' title='bbox 145 2111 183 2158; x_wconf 81' lang='grc' dir='ltr'>ἔν</span> <span class='ocrx_word' id='word_1_185' title='bbox 216 2110 352 2164; x_wconf 72' lang='grc' dir='ltr'>αὐτοῖς</span> <span class='ocrx_word' id='word_1_186' title='bbox 381 2110 611 2168; x_wconf 69' lang='grc' dir='ltr'>ποιότητας,</span> <span class='ocrx_word' id='word_1_187' title='bbox 635 2111 850 2174; x_wconf 81' lang='grc' dir='ltr'>λεγομένην</span> <span class='ocrx_word' id='word_1_188' title='bbox 876 2117 1028 2175; x_wconf 87' lang='grc' dir='ltr'>χρυσῆν</span> <span class='ocrx_word' id='word_1_189' title='bbox 1063 2112 1128 2158; x_wconf 72' lang='grc' dir='ltr'>διὰ</span> <span class='ocrx_word' id='word_1_190' title='bbox 1161 2110 1206 2158; x_wconf 72' lang='grc' dir='ltr'>τὸ</span> <span class='ocrx_word' id='word_1_191' title='bbox 1230 2111 1354 2172; x_wconf 74' lang='grc' dir='ltr'>φύσει</span> <span class='ocrx_word' id='word_1_192' title='bbox 1378 2111 1611 2173; x_wconf 74' lang='grc' dir='ltr'>πολύτιμον,</span> 
     </span>
     <span class='ocr_line' id='line_1_25' title="bbox 145 2185 1612 2250; baseline 0.001 -17"><span class='ocrx_word' id='word_1_193' title='bbox 145 2185 214 2233; x_wconf 68' lang='grc' dir='ltr'>καὶ</span> <span class='ocrx_word' id='word_1_194' title='bbox 237 2187 302 2234; x_wconf 71' lang='grc' dir='ltr'>διὰ</span> <span class='ocrx_word' id='word_1_195' title='bbox 324 2187 395 2244; x_wconf 82' lang='grc' dir='ltr'>τῆν</span> <span class='ocrx_word' id='word_1_196' title='bbox 418 2187 462 2233; x_wconf 81' lang='grc' dir='ltr'>ἔκ</span> <span class='ocrx_word' id='word_1_197' title='bbox 485 2193 554 2234; x_wconf 76' lang='grc' dir='ltr'>τοῦ</span> <span class='ocrx_word' id='word_1_198' title='bbox 578 2186 690 2246; x_wconf 78' lang='grc' dir='ltr'>ἡλίου</span> <span class='ocrx_word' id='word_1_199' title='bbox 714 2188 751 2235; x_wconf 79' lang='grc' dir='ltr'>ἐν</span> <span class='ocrx_word' id='word_1_200' title='bbox 773 2188 909 2239; x_wconf 74' lang='grc' dir='ltr'>αὐτοῖς</span> <span class='ocrx_word' id='word_1_201' title='bbox 932 2187 1216 2250; x_wconf 73' lang='grc' dir='ltr'>χρυσαῦγειαν.</span> <span class='ocrx_word' id='word_1_202' title='bbox 1251 2186 1300 2245; x_wconf 74' lang='grc' dir='ltr'>ῆς</span> <span class='ocrx_word' id='word_1_203' title='bbox 1323 2188 1370 2246; x_wconf 77' lang='grc' dir='ltr'>ὃῆ</span> <span class='ocrx_word' id='word_1_204' title='bbox 1393 2188 1612 2245; x_wconf 76' lang='grc' dir='ltr'>ἐπιπλοκῆς</span> 
     </span>
     <span class='ocr_line' id='line_1_26' title="bbox 145 2261 1613 2330; baseline 0.001 -22"><span class='ocrx_word' id='word_1_205' title='bbox 145 2261 481 2323; x_wconf 80' lang='grc' dir='ltr'>μεταποιηθείσης</span> <span class='ocrx_word' id='word_1_206' title='bbox 505 2264 626 2330; x_wconf 71' lang='grc' dir='ltr'>ιποτ-ὲ,</span> <span class='ocrx_word' id='word_1_207' title='bbox 649 2263 723 2310; x_wconf 77' lang='grc' dir='ltr'>ἅνω</span> <span class='ocrx_word' id='word_1_208' title='bbox 757 2265 864 2310; x_wconf 80' lang='grc' dir='ltr'>κάτω</span> <span class='ocrx_word' id='word_1_209' title='bbox 899 2262 1005 2322; x_wconf 75' lang='grc' dir='ltr'>φησὶ</span> <span class='ocrx_word' id='word_1_210' title='bbox 1036 2265 1274 2326; x_wconf 72' lang='grc' dir='ltr'>γενήσεσθαι</span> <span class='ocrx_word' id='word_1_211' title='bbox 1298 2262 1343 2312; x_wconf 62' lang='lat' dir='ltr'>*rb</span> <span class='ocrx_word' id='word_1_212' title='bbox 1374 2272 1452 2311; x_wconf 81' lang='grc' dir='ltr'>πᾶν</span> <span class='ocrx_word' id='word_1_213' title='bbox 1483 2285 1613 2325; x_wconf 88' lang='grc' dir='ltr'>μετα-</span> 
     </span>
    </p>

    <p class='ocr_par' dir='ltr' id='par_1_11' title="bbox 85 2338 1614 2708">
     <span class='ocr_line' id='line_1_27' title="bbox 85 2338 1612 2404; baseline 0.001 -18"><span class='ocrx_word' id='word_1_214' title='bbox 85 2361 105 2386; x_wconf 85' lang='lat'><em>2</em></span> <span class='ocrx_word' id='word_1_215' title='bbox 111 2357 132 2398; x_wconf 89' lang='lat'>5</span> <span class='ocrx_word' id='word_1_216' title='bbox 148 2338 454 2400; x_wconf 76' lang='grc' dir='ltr'>στοιχειωθέν,ῆ</span> <span class='ocrx_word' id='word_1_217' title='bbox 475 2341 646 2403; x_wconf 74' lang='grc' dir='ltr'>μεγάλῳ</span> <span class='ocrx_word' id='word_1_218' title='bbox 663 2346 827 2402; x_wconf 78' lang='grc' dir='ltr'>χειμῶνι</span> <span class='ocrx_word' id='word_1_219' title='bbox 851 2339 987 2386; x_wconf 74' lang='grc' dir='ltr'>ἄνωθεν</span> <span class='ocrx_word' id='word_1_220' title='bbox 1011 2340 1056 2387; x_wconf 77' lang='grc' dir='ltr'>ἔκ</span> <span class='ocrx_word' id='word_1_221' title='bbox 1078 2338 1173 2393; x_wconf 66' lang='grc' dir='ltr'>Διὸς</span> <span class='ocrx_word' id='word_1_222' title='bbox 1201 2341 1250 2394; x_wconf 83' lang='grc' dir='ltr'>ὧς</span> <span class='ocrx_word' id='word_1_223' title='bbox 1275 2341 1312 2388; x_wconf 81' lang='grc' dir='ltr'>ἒν</span> <span class='ocrx_word' id='word_1_224' title='bbox 1335 2343 1612 2404; x_wconf 74' lang='grc' dir='ltr'>κατακλυσμῷ</span> 
     </span>
     <span class='ocr_line' id='line_1_28' title="bbox 146 2413 1613 2479; baseline 0 -17"><span class='ocrx_word' id='word_1_225' title='bbox 146 2413 215 2462; x_wconf 70' lang='grc' dir='ltr'>καὶ</span> <span class='ocrx_word' id='word_1_226' title='bbox 251 2413 550 2473; x_wconf 72' lang='grc' dir='ltr'>ἔξυὸατῶσει,ῆ</span> <span class='ocrx_word' id='word_1_227' title='bbox 584 2418 753 2479; x_wconf 79' lang='grc' dir='ltr'>μεγάλῳ</span> <span class='ocrx_word' id='word_1_228' title='bbox 787 2416 883 2478; x_wconf 76' lang='grc' dir='ltr'>θέρει</span> <span class='ocrx_word' id='word_1_229' title='bbox 919 2416 1026 2463; x_wconf 68' lang='grc' dir='ltr'>κατὰ</span> <span class='ocrx_word' id='word_1_230' title='bbox 1061 2417 1289 2479; x_wconf 74' lang='grc' dir='ltr'>ἐκπύρωσιν·</span> <span class='ocrx_word' id='word_1_231' title='bbox 1325 2417 1363 2464; x_wconf 82' lang='grc' dir='ltr'>οἷ</span> <span class='ocrx_word' id='word_1_232' title='bbox 1392 2418 1432 2464; x_wconf 70' lang='grc' dir='ltr'>δὲ</span> <span class='ocrx_word' id='word_1_233' title='bbox 1460 2422 1613 2479; x_wconf 87' lang='grc' dir='ltr'>χρυσῆν</span> 
     </span>
     <span class='ocr_line' id='line_1_29' title="bbox 150 2490 1611 2557; baseline 0.002 -21"><span class='ocrx_word' id='word_1_234' title='bbox 150 2491 297 2555; x_wconf 70' lang='grc' dir='ltr'>σειρὰν,</span> <span class='ocrx_word' id='word_1_235' title='bbox 322 2491 397 2544; x_wconf 73' lang='grc' dir='ltr'>τὰς</span> <span class='ocrx_word' id='word_1_236' title='bbox 419 2497 487 2538; x_wconf 80' lang='grc' dir='ltr'>τοῦ</span> <span class='ocrx_word' id='word_1_237' title='bbox 521 2492 653 2544; x_wconf 81' lang='grc' dir='ltr'>αι’ὦνος</span> <span class='ocrx_word' id='word_1_238' title='bbox 676 2497 822 2539; x_wconf 75' lang='grc' dir='ltr'>νοοῦσιν</span> <span class='ocrx_word' id='word_1_239' title='bbox 850 2491 1017 2555; x_wconf 79' lang='grc' dir='ltr'>ἡμέρας,</span> <span class='ocrx_word' id='word_1_240' title='bbox 1042 2491 1085 2538; x_wconf 70' lang='grc' dir='ltr'>αἳ</span> <span class='ocrx_word' id='word_1_241' title='bbox 1115 2498 1252 2557; x_wconf 75' lang='grc' dir='ltr'>χρυσῷ</span> <span class='ocrx_word' id='word_1_242' title='bbox 1284 2490 1358 2540; x_wconf 69' lang='grc' dir='ltr'>οἷον</span> <span class='ocrx_word' id='word_1_243' title='bbox 1387 2493 1611 2557; x_wconf 79' lang='grc' dir='ltr'>κέκρανται,</span> 
     </span>
     <span class='ocr_line' id='line_1_30' title="bbox 148 2565 1614 2632; baseline 0 -18"><span class='ocrx_word' id='word_1_244' title='bbox 148 2572 199 2632; x_wconf 79' lang='grc' dir='ltr'>τῇ</span> <span class='ocrx_word' id='word_1_245' title='bbox 221 2573 290 2614; x_wconf 78' lang='grc' dir='ltr'>τοῦ</span> <span class='ocrx_word' id='word_1_246' title='bbox 312 2565 423 2626; x_wconf 79' lang='grc' dir='ltr'>ἦλιόυ</span> <span class='ocrx_word' id='word_1_247' title='bbox 446 2567 718 2631; x_wconf 69' lang='grc' dir='ltr'>λαμπρότητι,</span> <span class='ocrx_word' id='word_1_248' title='bbox 737 2567 804 2615; x_wconf 72' lang='grc' dir='ltr'>καὶ</span> <span class='ocrx_word' id='word_1_249' title='bbox 828 2569 1014 2626; x_wconf 82' lang='grc' dir='ltr'>ἀλλήλων</span> <span class='ocrx_word' id='word_1_250' title='bbox 1038 2570 1266 2632; x_wconf 77' lang='grc' dir='ltr'>ἐξῆρτηνται</span> <span class='ocrx_word' id='word_1_251' title='bbox 1291 2568 1470 2621; x_wconf 72' lang='grc' dir='ltr'>ἁλύσεως</span> <span class='ocrx_word' id='word_1_252' title='bbox 1489 2567 1614 2625; x_wconf 67' lang='grc' dir='ltr'>δίκην,</span> 
     </span>
     <span class='ocr_line' id='line_1_31' title="bbox 150 2641 1611 2708; baseline 0.001 -20"><span class='ocrx_word' id='word_1_253' title='bbox 150 2641 218 2688; x_wconf 73' lang='grc' dir='ltr'>καὶ</span> <span class='ocrx_word' id='word_1_254' title='bbox 251 2641 316 2689; x_wconf 68' lang='grc' dir='ltr'>τὸν</span> <span class='ocrx_word' id='word_1_255' title='bbox 351 2642 433 2689; x_wconf 69' lang='grc' dir='ltr'>καθ’</span> <span class='ocrx_word' id='word_1_256' title='bbox 458 2645 566 2703; x_wconf 80' lang='grc' dir='ltr'>ἡμᾶς</span> <span class='ocrx_word' id='word_1_257' title='bbox 600 2643 689 2698; x_wconf 78' lang='grc' dir='ltr'>βίον</span> <span class='ocrx_word' id='word_1_258' title='bbox 724 2644 966 2699; x_wconf 72' lang='grc' dir='ltr'>συνδέουσαι,</span> <span class='ocrx_word' id='word_1_259' title='bbox 1004 2644 1231 2705; x_wconf 76' lang='grc' dir='ltr'>ληψόμεναί</span> <span class='ocrx_word' id='word_1_260' title='bbox 1258 2666 1354 2692; x_wconf 89' lang='grc' dir='ltr'>ποτε</span> <span class='ocrx_word' id='word_1_261' title='bbox 1388 2646 1511 2708; x_wconf 80' lang='grc' dir='ltr'>πέρας</span> <span class='ocrx_word' id='word_1_262' title='bbox 1544 2643 1611 2691; x_wconf 73' lang='grc' dir='ltr'>καὶ</span> 
     </span>
    </p>

    <p class='ocr_par' dir='ltr' id='par_1_12' title="bbox 206 2773 1609 2824">
     <span class='ocr_line' id='line_1_32' title="bbox 206 2773 1609 2824; baseline 0 -14"><span class='ocrx_word' id='word_1_263' title='bbox 206 2779 225 2800; x_wconf 66' lang='lat'>⁸</span> <span class='ocrx_word' id='word_1_264' title='bbox 256 2773 331 2811; x_wconf 90' lang='lat' dir='ltr'>Hic</span> <span class='ocrx_word' id='word_1_265' title='bbox 358 2773 486 2810; x_wconf 85' lang='lat' dir='ltr'>Codex</span> <span class='ocrx_word' id='word_1_266' title='bbox 514 2773 578 2822; x_wconf 90' lang='lat' dir='ltr'>qui</span> <span class='ocrx_word' id='word_1_267' title='bbox 605 2774 715 2811; x_wconf 80' lang='lat' dir='ltr'>Card.</span> <span class='ocrx_word' id='word_1_268' title='bbox 739 2774 932 2824; x_wconf 87' lang='lat' dir='ltr'>Seripandi</span> <span class='ocrx_word' id='word_1_269' title='bbox 962 2774 1044 2820; x_wconf 74' lang='lat' dir='ltr'>fuit,</span> <span class='ocrx_word' id='word_1_270' title='bbox 1065 2783 1124 2814; x_wconf 85' lang='lat' dir='ltr'>est</span> <span class='ocrx_word' id='word_1_271' title='bbox 1150 2776 1280 2814; x_wconf 85' lang='lat' dir='ltr'>Chart.</span> <span class='ocrx_word' id='word_1_272' title='bbox 1301 2775 1338 2812; x_wconf 90' lang='lat' dir='ltr'>in</span> <span class='ocrx_word' id='word_1_273' title='bbox 1367 2775 1432 2814; x_wconf 86' lang='lat' dir='ltr'>fol.</span> <span class='ocrx_word' id='word_1_274' title='bbox 1454 2784 1493 2812; x_wconf 87' lang='lat' dir='ltr'>et</span> <span class='ocrx_word' id='word_1_275' title='bbox 1519 2776 1609 2812; x_wconf 86' lang='lat' dir='ltr'>Saec.</span> 
     </span>
    </p>
   </div>
   <div class='ocr_carea' id='block_1_9' title="bbox 153 2825 1611 2931">
    <p class='ocr_par' dir='ltr' id='par_1_13' title="bbox 153 2825 1611 2931">
     <span class='ocr_line' id='line_1_33' title="bbox 153 2825 1611 2878; baseline 0.001 -16"><span class='ocrx_word' id='word_1_276' title='bbox 153 2825 261 2862; x_wconf 87' lang='lat' dir='ltr'>X1V.</span> <span class='ocrx_word' id='word_1_277' title='bbox 278 2833 460 2870; x_wconf 84' lang='lat' dir='ltr'>exaratus,</span> <span class='ocrx_word' id='word_1_278' title='bbox 477 2826 661 2876; x_wconf 84' lang='lat' dir='ltr'>prioribus</span> <span class='ocrx_word' id='word_1_279' title='bbox 677 2826 775 2864; x_wconf 83' lang='lat' dir='ltr'>soliis</span> <span class='ocrx_word' id='word_1_280' title='bbox 791 2826 968 2878; x_wconf 87' lang='lat' dir='ltr'>exceptis,</span> <span class='ocrx_word' id='word_1_281' title='bbox 981 2841 1063 2878; x_wconf 88' lang='lat' dir='ltr'>quae</span> <span class='ocrx_word' id='word_1_282' title='bbox 1077 2827 1332 2865; x_wconf 85' lang='lat' dir='ltr'>recentissima</span> <span class='ocrx_word' id='word_1_283' title='bbox 1346 2836 1445 2864; x_wconf 83' lang='lat' dir='ltr'>sunt.</span> <span class='ocrx_word' id='word_1_284' title='bbox 1475 2826 1611 2868; x_wconf 85' lang='lat' dir='ltr'>Quoad</span> 
     </span>
     <span class='ocr_line' id='line_1_34' title="bbox 154 2877 1495 2931; baseline 0.001 -17"><span class='ocrx_word' id='word_1_285' title='bbox 154 2877 569 2930; x_wconf 81' lang='lat' dir='ltr'>Porphyrianainteger</span> <span class='ocrx_word' id='word_1_286' title='bbox 585 2887 656 2924; x_wconf 87' lang='lat' dir='ltr'>est,</span> <span class='ocrx_word' id='word_1_287' title='bbox 678 2887 717 2917; x_wconf 89' lang='lat' dir='ltr'>et</span> <span class='ocrx_word' id='word_1_288' title='bbox 735 2879 872 2931; x_wconf 88' lang='lat' dir='ltr'>dignus</span> <span class='ocrx_word' id='word_1_289' title='bbox 890 2889 948 2918; x_wconf 89' lang='lat' dir='ltr'>est</span> <span class='ocrx_word' id='word_1_290' title='bbox 966 2880 1030 2930; x_wconf 89' lang='lat' dir='ltr'>qui</span> <span class='ocrx_word' id='word_1_291' title='bbox 1049 2893 1134 2919; x_wconf 87' lang='lat' dir='ltr'>cum</span> <span class='ocrx_word' id='word_1_292' title='bbox 1154 2881 1254 2919; x_wconf 87' lang='lat' dir='ltr'><strong>Edd.</strong></span> <span class='ocrx_word' id='word_1_293' title='bbox 1273 2881 1495 2918; x_wconf 86' lang='lat' dir='ltr'>conferatur.</span> 
     </span>
    </p>
   </div>
  </div>
 </body>
</html>
